<?xml version="1.0" encoding="UTF-8"?><collection xmlns="http://www.loc.gov/MARC21/slim"><record><leader>00538nam--2200181-i-4500</leader><controlfield tag="001">000036917</controlfield><controlfield tag="002">20161230</controlfield><controlfield tag="005">20161230201041</controlfield><controlfield tag="008">060222s1000------------r-----000-0-rum-d</controlfield><datafield ind1=" " ind2=" " tag="040"><subfield code="a">IFIN-HH</subfield></datafield><datafield ind1=" " ind2=" " tag="041"><subfield code="a">rum</subfield></datafield><datafield ind1=" " ind2=" " tag="080"><subfield code="a">537.311.33</subfield></datafield><datafield ind1="1" ind2=" " tag="100"><subfield code="a">Popovici,Galina</subfield></datafield><datafield ind1="1" ind2="0" tag="245"><subfield code="a">Electroluminiscenta jonciunilor p-n din arseniura de galiu dopata cu germaniu</subfield><subfield code="b">Rezumatul tezei de doctorat</subfield><subfield code="c">Galina popovici</subfield></datafield><datafield ind1=" " ind2=" " tag="260"><subfield code="a">Bucuresti</subfield><subfield code="b">Institutul De Fizica</subfield><subfield code="c">1970</subfield></datafield><datafield ind1=" " ind2=" " tag="300"><subfield code="a">20P</subfield></datafield><datafield ind1=" " ind2=" " tag="852"><subfield code="a">33654</subfield><subfield code="c">537.311.33</subfield></datafield><datafield ind1=" " ind2=" " tag="CAT"><subfield code="a">Sys</subfield><subfield code="c">20110721</subfield><subfield code="h">115953</subfield></datafield></record></collection>